<?xml version="1.0" encoding="UTF-8"?>
<OAI-PMH xmlns="http://www.openarchives.org/OAI/2.0/" xmlns:xsi="http://www.w3.org/2001/XMLSchema-instance" xsi:schemaLocation="http://www.openarchives.org/OAI/2.0/ http://www.openarchives.org/OAI/2.0/OAI-PMH.xsd">
  <ListRecords>
    <record>
      <header>
        <identifier>aleph-publish:019380660</identifier>
      </header>
      <metadata>
        <record xmlns="http://www.ddb.de/professionell/mabxml/mabxml-1.xsd">
          <leader>01017nM2.01200024------h</leader>
          <controlfield tag="LDR">01017nM2.01200024------h</controlfield>
          <controlfield tag="FMT">MH</controlfield>
          <datafield tag="001" ind1="-" ind2="1">
            <subfield code="a">HT017468042</subfield>
          </datafield>
          <datafield tag="002" ind1="a" ind2="1">
            <subfield code="a">20121126</subfield>
          </datafield>
          <datafield tag="003" ind1="-" ind2="1">
            <subfield code="a">20130220</subfield>
          </datafield>
          <datafield tag="020" ind1="b" ind2="1">
            <subfield code="a">305079123</subfield>
          </datafield>
          <datafield tag="022" ind1="-" ind2="1">
            <subfield code="a">CT005005181</subfield>
          </datafield>
          <datafield tag="025" ind1="o" ind2="1">
            <subfield code="a">1073524504</subfield>
          </datafield>
          <datafield tag="026" ind1="-" ind2="1">
            <subfield code="a">GBV305079123</subfield>
          </datafield>
          <datafield tag="026" ind1="h" ind2="1">
            <subfield code="a">305079123</subfield>
          </datafield>
          <controlfield tag="030">a|1uc||||||27</controlfield>
          <datafield tag="036" ind1="a" ind2="1">
            <subfield code="a">DXDE</subfield>
          </datafield>
          <datafield tag="037" ind1="b" ind2="1">
            <subfield code="a">lat</subfield>
          </datafield>
          <controlfield tag="050">||||||||||a|||</controlfield>
          <controlfield tag="051">m|||||||</controlfield>
          <datafield tag="070" ind1="-" ind2="1">
            <subfield code="a">6</subfield>
          </datafield>
          <datafield tag="070" ind1="b" ind2="1">
            <subfield code="a">6</subfield>
          </datafield>
          <datafield tag="080" ind1="-" ind2="1">
            <subfield code="a">60</subfield>
          </datafield>
          <datafield tag="200" ind1="-" ind2="1">
            <subfield code="k">Homannsche Erben</subfield>
            <subfield code="9">(DE-588)5293676-4</subfield>
          </datafield>
          <datafield tag="201" ind1="-" ind2="1">
            <subfield code="k">Homanns Erben</subfield>
          </datafield>
          <datafield tag="201" ind1="-" ind2="1">
            <subfield code="k">Johann Baptist Homann Erben</subfield>
          </datafield>
          <datafield tag="201" ind1="-" ind2="1">
            <subfield code="k">Johann Baptist Homanns Erben</subfield>
          </datafield>
          <datafield tag="201" ind1="-" ind2="1">
            <subfield code="k">Homännische Officin</subfield>
          </datafield>
          <datafield tag="201" ind1="-" ind2="1">
            <subfield code="k">Homænnische Officin</subfield>
          </datafield>
          <datafield tag="201" ind1="-" ind2="1">
            <subfield code="k">Homännische Erben</subfield>
          </datafield>
          <datafield tag="201" ind1="-" ind2="1">
            <subfield code="k">Homaennische Erben</subfield>
          </datafield>
          <datafield tag="201" ind1="-" ind2="1">
            <subfield code="k">Homannische Erben</subfield>
          </datafield>
          <datafield tag="201" ind1="-" ind2="1">
            <subfield code="k">Homanniani Heredes</subfield>
          </datafield>
          <datafield tag="201" ind1="-" ind2="1">
            <subfield code="k">Homan. Hered.</subfield>
          </datafield>
          <datafield tag="201" ind1="-" ind2="1">
            <subfield code="k">Homann Heredibus</subfield>
          </datafield>
          <datafield tag="201" ind1="-" ind2="1">
            <subfield code="k">Homannianis Heredibus</subfield>
          </datafield>
          <datafield tag="201" ind1="-" ind2="1">
            <subfield code="k">Homannianus Heredus</subfield>
          </datafield>
          <datafield tag="201" ind1="-" ind2="1">
            <subfield code="k">Homannianos Heredes</subfield>
          </datafield>
          <datafield tag="201" ind1="-" ind2="1">
            <subfield code="k">Homann Heredib.</subfield>
          </datafield>
          <datafield tag="201" ind1="-" ind2="1">
            <subfield code="k">Heritiers de Homann</subfield>
          </datafield>
          <datafield tag="201" ind1="-" ind2="1">
            <subfield code="k">Heritiers de Homan</subfield>
          </datafield>
          <datafield tag="201" ind1="-" ind2="1">
            <subfield code="k">Officina Homanniana</subfield>
          </datafield>
          <datafield tag="201" ind1="-" ind2="1">
            <subfield code="k">Homanni Heredes</subfield>
          </datafield>
          <datafield tag="201" ind1="-" ind2="1">
            <subfield code="k">Homannische Erben</subfield>
          </datafield>
          <datafield tag="201" ind1="-" ind2="1">
            <subfield code="k">Verlag Homann</subfield>
          </datafield>
          <datafield tag="201" ind1="-" ind2="1">
            <subfield code="k">Homann, Verlag</subfield>
          </datafield>
          <datafield tag="201" ind1="-" ind2="1">
            <subfield code="k">Homännischer Verlag</subfield>
          </datafield>
          <datafield tag="201" ind1="-" ind2="1">
            <subfield code="k">Homannische Offizin</subfield>
          </datafield>
          <datafield tag="201" ind1="-" ind2="1">
            <subfield code="k">Homannische Officin</subfield>
          </datafield>
          <datafield tag="201" ind1="-" ind2="1">
            <subfield code="k">Homannische Handlung</subfield>
          </datafield>
          <datafield tag="201" ind1="-" ind2="1">
            <subfield code="k">Homannische Buchhandlung</subfield>
          </datafield>
          <datafield tag="201" ind1="-" ind2="1">
            <subfield code="k">Homännische Buchhandlung</subfield>
          </datafield>
          <datafield tag="201" ind1="-" ind2="1">
            <subfield code="k">Bureau Geographique de Homann</subfield>
          </datafield>
          <datafield tag="201" ind1="-" ind2="1">
            <subfield code="k">Heritiers d'Homann</subfield>
          </datafield>
          <datafield tag="201" ind1="-" ind2="1">
            <subfield code="k">Coheredis Homanniani</subfield>
          </datafield>
          <datafield tag="201" ind1="-" ind2="1">
            <subfield code="k">Homann-Verlag</subfield>
          </datafield>
          <datafield tag="201" ind1="-" ind2="1">
            <subfield code="k">Heredes Hommanianes</subfield>
          </datafield>
          <datafield tag="201" ind1="-" ind2="1">
            <subfield code="k">Homannianes Heredes</subfield>
          </datafield>
          <datafield tag="201" ind1="-" ind2="1">
            <subfield code="k">Homannianis Heredibus</subfield>
          </datafield>
          <datafield tag="201" ind1="-" ind2="1">
            <subfield code="k">Homannianorum Heredum</subfield>
          </datafield>
          <datafield tag="331" ind1="-" ind2="1">
            <subfield code="a">Territorium Seculare Episcopatus Monasterii Munster Germanis dicti. Ubi una cum Episcopatu Osnabr. simul integri Comitatus Bentheim, Steinfurt, Teklenburg, Lingen, Diepholz, Gemen conspiciuntur</subfield>
          </datafield>
          <datafield tag="359" ind1="-" ind2="1">
            <subfield code="a">Mappa publicata per Homannianos Heredes</subfield>
          </datafield>
          <datafield tag="407" ind1="-" ind2="1">
            <subfield code="a">[ca. 1:420 000] (E 006 26 -E 008 47 /N 053 11 -N 051 37)</subfield>
          </datafield>
          <datafield tag="410" ind1="-" ind2="1">
            <subfield code="a">[Nürnberg]</subfield>
          </datafield>
          <datafield tag="412" ind1="-" ind2="1">
            <subfield code="a">Homannianos Heredes</subfield>
          </datafield>
          <datafield tag="425" ind1="a" ind2="1">
            <subfield code="a">1757</subfield>
          </datafield>
          <datafield tag="433" ind1="-" ind2="1">
            <subfield code="a">1 Kt. : grenzkolor., flächenkolor., Kupferst.</subfield>
          </datafield>
          <datafield tag="435" ind1="-" ind2="1">
            <subfield code="a">46 x 48 cm</subfield>
          </datafield>
          <datafield tag="501" ind1="-" ind2="1">
            <subfield code="a">Titelkartusche mit Maßstab geschmü. mit 1 Wappen links Mitte</subfield>
          </datafield>
          <controlfield tag="SYS">019380660</controlfield>
          <datafield tag="088" ind1=" " ind2=" ">
            <subfield code="a">6</subfield>
            <subfield code="c">RK 13</subfield>
            <subfield code="e">keine Angabe</subfield>
          </datafield>
        </record>
      </metadata>
    </record>
  </ListRecords>
</OAI-PMH>
